<record><leader>00000cas a2200000 a 4500</leader><controlfield tag="001">34148289</controlfield><controlfield tag="008">960207c19uu9999flucr ne      0    0eng c</controlfield><datafield ind1=" " ind2=" " tag="010"><subfield code="a">sn 96027352 </subfield></datafield><datafield ind1=" " ind2=" " tag="040"><subfield code="a">FUG</subfield><subfield code="b">eng</subfield><subfield code="c">FUG</subfield><subfield code="d">OCLCQ</subfield><subfield code="d">OCLCF</subfield><subfield code="d">OCLCO</subfield><subfield code="d">CUS</subfield></datafield><datafield ind1=" " ind2=" " tag="032"><subfield code="a">067750</subfield><subfield code="b">USPS</subfield></datafield><datafield ind1=" " ind2=" " tag="037"><subfield code="b">The Destin Log, PO Box 957, Destin FL 32540-0957</subfield></datafield><datafield ind1=" " ind2=" " tag="042"><subfield code="a">pcc</subfield></datafield><datafield ind1=" " ind2=" " tag="043"><subfield code="a">n-us-fl</subfield></datafield><datafield ind1="0" ind2="4" tag="245"><subfield code="a">The Destin log.</subfield></datafield><datafield ind1="1" ind2="3" tag="246"><subfield code="a">Log</subfield></datafield><datafield ind1=" " ind2=" " tag="260"><subfield code="a">Destin, Fla. :</subfield><subfield code="b">Destin Log</subfield></datafield><datafield ind1=" " ind2=" " tag="300"><subfield code="a">v. :</subfield><subfield code="b">ill. ;</subfield><subfield code="c">59 cm.</subfield></datafield><datafield ind1=" " ind2=" " tag="310"><subfield code="a">Semiweekly</subfield></datafield><datafield ind1=" " ind2=" " tag="500"><subfield code="a">"Published and printed each Wednesday and Saturday ... for residents of South Okaloosa and South Walton Counties."</subfield></datafield><datafield ind1=" " ind2=" " tag="588"><subfield code="a">Description based on: Vol. 23, no. 7 (Jan. 24, 1996).</subfield></datafield><datafield ind1=" " ind2="0" tag="651"><subfield code="a">Destin (Fla.)</subfield><subfield code="v">Newspapers.</subfield></datafield><datafield ind1=" " ind2="0" tag="651"><subfield code="a">Okaloosa County (Fla.)</subfield><subfield code="v">Newspapers.</subfield></datafield><datafield ind1=" " ind2="0" tag="651"><subfield code="a">Walton County (Fla.)</subfield><subfield code="v">Newspapers.</subfield></datafield><datafield ind1=" " ind2="7" tag="651"><subfield code="a">Florida</subfield><subfield code="z">Destin.</subfield><subfield code="2">fast</subfield><subfield code="0">(OCoLC)fst01216527</subfield></datafield><datafield ind1=" " ind2="7" tag="651"><subfield code="a">Florida</subfield><subfield code="z">Okaloosa County.</subfield><subfield code="2">fast</subfield><subfield code="0">(OCoLC)fst01215782</subfield></datafield><datafield ind1=" " ind2="7" tag="651"><subfield code="a">Florida</subfield><subfield code="z">Walton County.</subfield><subfield code="2">fast</subfield><subfield code="0">(OCoLC)fst01216539</subfield></datafield><datafield ind1=" " ind2="7" tag="655"><subfield code="a">Newspapers.</subfield><subfield code="2">fast</subfield><subfield code="0">(OCoLC)fst01423814</subfield></datafield><datafield ind1=" " ind2=" " tag="752"><subfield code="a">United States</subfield><subfield code="b">Florida</subfield><subfield code="c">Okaloosa</subfield><subfield code="d">Destin.</subfield></datafield><datafield ind1=" " ind2=" " tag="752"><subfield code="a">United States</subfield><subfield code="b">Florida</subfield><subfield code="c">Walton.</subfield></datafield><datafield ind1="0" ind2=" " tag="775"><subfield code="t">Walton log</subfield></datafield><datafield ind1="0" ind2="0" tag="780"><subfield code="t">Log (Destin, Fla.)</subfield><subfield code="w">(DLC)sn 87001447</subfield><subfield code="w">(OCoLC)15148077</subfield></datafield><datafield ind1="4" ind2=" " tag="856"><subfield code="u">http://www.destin.com/</subfield></datafield><datafield ind1="4" ind2="1" tag="856"><subfield code="u">http://search.ebscohost.com/direct.asp?db=nfh&amp;jid=Destin_Log__The__FL_&amp;scope=site</subfield><subfield code="z">Full text: 2005-2014</subfield></datafield><datafield ind1="1" ind2=" " tag="029"><subfield code="a">AU@</subfield><subfield code="b">000025920089</subfield></datafield></record>